@book{butterfield-1965-whig,
  title={The Whig interpretation of history},
  author={Butterfield, Herbert},
  year={1965},
  isbn={978-0393003185},
  publisher={WW Norton \& Company}
}

@inproceedings{mccarthy-1963-mathematical,
 author = {McCarthy, John},
 editor = {Popplewell, C. M.},
 title = {Towards a Mathematical Science of Computation},
 date = {1963},
 booktitle = {Information Processing},
 booktitleaddon = {Proceedings of DFIP Congress 62},
 eventdate = {1962},
 publisher = {North-Holland Publishing Company},
 location = {Amsterdam, The Netherlands},
 pages = {21-28},
}

@techreport{astrate-2016-algol,
	Author = {Jones, Cliff B. and Astarte, Troy K.},
	Institution = {Newcastle University School of Computer Science},
	Month = {September},
	Note = {Forthcoming as a paper in the HaPoP 2016 proceedings.},
	Number = {CS-TR-1498},
	Title = {{An Exegesis of Four Formal Descriptions of ALGOL 60}},
	Type = {Technical Report},
	Url = {https://assets.cs.ncl.ac.uk/TRs/1498.pdf},
	Year = {2016}
}
                         
@inproceedings{mccarthy-1964-algol,
 author = {McCarthy, John},
 title = {A formal description of a subset of ALGOL},
 date = {1964},
 booktitle = {Formal Language Description Languages for Computer Programming},
 publisher = {North-Holland Publishing Company},
 pages = {1-12},
}

@techreport{milner-1972-lcf,
 author = {Milner, Robin},
 title = {Logic for Computable Functions: Description of a Machine Implementation.},
 year = {1972},
 publisher = {Stanford University},
 address = {Stanford, CA, USA},
} 

@book{chalmers-2013-thing,
  title={What Is This Thing Called Science?},
  author={Chalmers, A.F.},
  isbn={9781624660870},
  year={2013},
  publisher={Hackett Publishing Company, Incorporated}
}

@book{hacking-1983-representing,
  title={Representing and Intervening: Introductory Topics in the Philosophy of Natural Science},
  author={Hacking, I.},
  isbn={9780521282468},
  lccn={83005132},
  year={1983},
  publisher={Cambridge University Press}
}

@phdthesis{kennedy-1996-units,
  title={Programming languages and dimensions},
  author={Kennedy, Andrew John},
  year={1996},
  school={University of Cambridge, Computer Laboratory}
}

@Inbook{gordon-1988-hol,
 author="Gordon, Michael J. C.",
 editor="Birtwistle, Graham and Subrahmanyam, P. A.",
 title="HOL: A Proof Generating System for Higher-Order Logic",
 bookTitle="VLSI Specification, Verification and Synthesis",
 year="1988",
 publisher="Springer US",
 address="Boston, MA",
 pages="73--128",
 isbn="978-1-4613-2007-4",
 doi="10.1007/978-1-4613-2007-4_3",
}

@article{backus-1963-revised,
 author = {Backus, J. W. and Bauer, F. L. and Green, J. and Katz, C. and McCarthy, J. and Perlis, A. J. and Rutishauser, H. and Samelson, K. and Vauquois, B. and Wegstein, J. H. and van Wijngaarden, A. and Woodger, M.},
 editor = {Naur, P.},
 title = {Revised Report on the Algorithm Language ALGOL 60},
 journal = {Commun. ACM},
 issue_date = {Jan. 1963},
 volume = {6},
 number = {1},
 month = jan,
 year = {1963},
 issn = {0001-0782},
 pages = {1--17},
 numpages = {17},
 url = {http://doi.acm.org/10.1145/366193.366201},
 doi = {10.1145/366193.366201},
 acmid = {366201},
 publisher = {ACM},
 address = {New York, NY, USA},
} 

@article{coquand-1988-calculus,
  title={The Calculus of Constructions},
  author={Coquand, Thierry and Huet, Gerard},
  journal={Information and Computation},
  volume={76},
  number={2--3},
  year={1988}
}

@book{constable-1986-nuprl,
 author = {Constable, R L},
 title = {Implementing Mathematics with the Nuprl Proof Development System},
 year = {1986},
 isbn = {0-134-51832-2},
 publisher = {Prentice-Hall, Inc.},
 address = {Upper Saddle River, NJ, USA},
} 

@InProceedings{milner-1979-proofs,
author="Milner, Robin",
editor="Be{\v{c}}v{\'a}{\v{r}}, Ji{\v{r}}{\'i}",
title="Lcf: A way of doing proofs with a machine",
booktitle="Mathematical Foundations of Computer Science 1979",
year="1979",
publisher="Springer Berlin Heidelberg",
address="Berlin, Heidelberg",
pages="146--159",
isbn="978-3-540-35088-0"
}


@inproceedings{mills-1981-cleanroom,
 author = {Dyer, M. and Mills, Harlan D.},
 title = {Cleanroom Software Development},
 date = {1981},
 booktitle = {Sixth Annual Software Engineering Workshop},
 eventdate = {1981},
 publisher = {NASA},
 location = {Goddard Space Flight Center},
}

@article{postley-1960-letter,
 author = {Postley, John A.},
 title = {Letters to the Editor},
 journal = {Commun. ACM},
 issue_date = {Jan. 1960},
 volume = {3},
 number = {1},
 month = jan,
 year = {1960},
 issn = {0001-0782},
 pages = {0.06--},
 doi = {10.1145/366947.366948},
 acmid = {366948},
 publisher = {ACM},
 address = {New York, NY, USA},
} 

@book{lakoff-2000-where,
  title={Where Mathematics Comes from: How the Embodied Mind Brings Mathematics Into Being},
  author={Lakoff, G. and N{\'u}{\~n}ez, R.E.},
  isbn={9780465037704},
  lccn={lc00034216},
  year={2000},
  publisher={Basic Books}
}

@ARTICLE{benington-1983-waterfall, 
author={H. D. Benington}, 
journal={Annals of the History of Computing}, 
title={Production of Large Computer Programs}, 
year={1983}, 
volume={5}, 
number={4}, 
pages={350-361}, 
doi={10.1109/MAHC.1983.10102}, 
ISSN={0164-1239}, 
month={Oct}
}

@book{gold-2008-proof,
  title={Proof and Other Dilemmas: Mathematics and Philosophy},
  author={Gold, B. and Simons, R.A.},
  isbn={9780883855676},
  lccn={2008922718},
  series={MAA spectrum},
  year={2008},
  publisher={Mathematical Association of America}
}

@misc{guardian-2015-racist,
 url = "https://www.theguardian.com/technology/2015/jul/01/google-sorry-racist-auto-tag-photo-app",
 title = "Google says sorry for racist auto-tag in photo app",
 author = "Jana Kasperkevich",
 year = "2015"
}

@incollection{borning-1991-nuclear,
 author = {Borning, Alan},
 chapter = {Computer System Reliability and Nuclear War},
 title = {Computerization and Controversy},
 editor = {Dunlop, Charles and Kling, Rob},
 year = {1991},
 isbn = {0-12-224356-0},
 pages = {560--592},
 numpages = {33},
 acmid = {117911},
 publisher = {Academic Press Professional, Inc.},
 address = {San Diego, CA, USA},
} 

@misc{future-2015-latter,
 title = "Research Priorities for Robust and Beneficial Artificial Intelligence: An Open Letter",
 url = "https://futureoflife.org/ai-open-letter/",
 author = {{Future of Life Institute}},
 year = 2015
}
 
@misc{guardian-2016-mordor,
 url = "https://www.theguardian.com/technology/2016/jan/07/google-translates-russia-mordor-foreign-minister-ukrainian",
 title = "Google translates Russia to 'Mordor' and minister's name to 'sad little horse'",
 author = "Hannah Jane Parkinson",
 year = "2016"
}

@misc{guardian-2018-ban,
 url = "https://www.theguardian.com/technology/2018/jan/12/google-racism-ban-gorilla-black-people",
 title = "Google's solution to accidental algorithmic racism: ban gorillas",
 author = "Alex Hern",
 year = "2018"
}

@misc{wiki-2018-proof,
  author = "{Wikipedia contributors}",
  title = "Formal proof --- {Wikipedia}{,} The Free Encyclopedia",
  year = "2018",
  url = "https://en.wikipedia.org/w/index.php?title=Formal_proof&oldid=841416708",
  note = "[Online; accessed 10-September-2018]"
}

@misc{aitchison-2011-garden,
  author = "Chris Aitchison",
  title = "You are NOT a Software Engineer!",
  year = "2011",
  url = "http://chrisaitchison.com/2011/05/03/you-are-not-a-software-engineer/",
  note = "[Online; accessed 10-September-2018]"
}

@book{mcbreen-2002-craft,
  title={Software Craftsmanship: The New Imperative},
  author={McBreen, P.},
  isbn={9780201733860},
  lccn={2001040041},
  year={2002},
  publisher={Addison-Wesley}
}


@article{beck-2001-manifesto,
  title={Manifesto for agile software development},
  author={Beck, Kent and Beedle, Mike and Van Bennekum, Arie and Cockburn, Alistair and Cunningham, Ward and Fowler, Martin and Grenning, James and Highsmith, Jim and Hunt, Andrew and Jeffries, Ron and others},
  year={2001}
}

@misc{varhol-2018-agile,
  author = "Varhol, Peter",
  title = "To agility and beyond: The history---and legacy---of agile development",
  year = "2018",
  url = "https://techbeacon.com/agility-beyond-history%E2%80%94-legacy%E2%80%94-agile-development",
  note = "[Online; accessed 10-September-2018]"
}

@misc{typescript-2018-v3,
  author = "Daniel Rosenwasser",
  title = "Announcing TypeScript 3.0",
  year = "2018",
  url = "https://blogs.msdn.microsoft.com/typescript/2018/07/30/announcing-typescript-3-0/",
  note = "[Online; accessed 10-September-2018]"
}

@article{livshits-2015-soundiness,
 author = {Livshits, Benjamin and Sridharan, Manu and Smaragdakis, Yannis and Lhot\'{a}k, Ond\v{r}ej and Amaral, J. Nelson and Chang, Bor-Yuh Evan and Guyer, Samuel Z. and Khedker, Uday P. and M{\o}ller, Anders and Vardoulakis, Dimitrios},
 title = {In Defense of Soundiness: A Manifesto},
 journal = {Commun. ACM},
 issue_date = {February 2015},
 volume = {58},
 number = {2},
 month = jan,
 year = {2015},
 issn = {0001-0782},
 pages = {44--46},
 numpages = {3},
 doi = {10.1145/2644805},
 acmid = {2644805},
 publisher = {ACM},
 address = {New York, NY, USA},
} 


@InProceedings{richards-2015-concrete,
  author =	{Gregor Richards and Francesco Zappa Nardelli and Jan Vitek},
  title =	{{Concrete Types for TypeScript}},
  booktitle =	{29th European Conference on Object-Oriented Programming (ECOOP 2015)},
  pages =	{76--100},
  ISBN =	{978-3-939897-86-6},
  ISSN =	{1868-8969},
  year =	{2015},
  volume =	{37},
  editor =	{John Tang Boyland},
  publisher =	{Schloss Dagstuhl--Leibniz-Zentrum fuer Informatik},
  address =	{Dagstuhl, Germany},
  doi =		{10.4230/LIPIcs.ECOOP.2015.76},
}

@inproceedings{vekris-2016-refinement,
 author = {Vekris, Panagiotis and Cosman, Benjamin and Jhala, Ranjit},
 title = {Refinement Types for TypeScript},
 booktitle = {Proceedings of the 37th ACM SIGPLAN Conference on Programming Language Design and Implementation},
 series = {PLDI '16},
 year = {2016},
 isbn = {978-1-4503-4261-2},
 location = {Santa Barbara, CA, USA},
 pages = {310--325},
 numpages = {16},
 url = {http://doi.acm.org/10.1145/2908080.2908110},
 doi = {10.1145/2908080.2908110},
 acmid = {2908110},
 publisher = {ACM},
 address = {New York, NY, USA},
 keywords = {Immutability, Refinement Types, Type Systems, TypeScript},
} 

@misc{typescript-2018-unsound,
  author = "Ryan Cavanaugh",
  title = "Type-checking unsoundness: standardize treatment of such issues among TypeScript team/community?",
  year = "2018",
  url = "https://github.com/Microsoft/TypeScript/issues/9825\#issuecomment-234115900",
  note = "[Online; accessed 10-September-2018]"
}


@inproceedings{kramer-1999-javadoc,
 author = {Kramer, Douglas},
 title = {API Documentation from Source Code Comments: A Case Study of Javadoc},
 booktitle = {Proceedings of the 17th Annual International Conference on Computer Documentation},
 series = {SIGDOC '99},
 year = {1999},
 isbn = {1-58113-072-4},
 location = {New Orleans, Louisiana, USA},
 pages = {147--153},
 numpages = {7},
 doi = {10.1145/318372.318577},
 acmid = {318577},
 publisher = {ACM},
 address = {New York, NY, USA},
} 

@article{bosak-1962-codasyl,
 author = {Bosak, Robert and Clippinger, Richard F. and Dobbs, Carey and Goldfinger, Roy and Jasper, Renee B. and Keating, William and Kendrick, George and Sammet, Jean E.},
 title = {An Information Algebra: Phase 1 Report\&Mdash;Language Structure Group of the CODASYL Development Committee},
 journal = {Commun. ACM},
 issue_date = {April 1962},
 volume = {5},
 number = {4},
 month = apr,
 year = {1962},
 issn = {0001-0782},
 pages = {190--204},
 numpages = {15},
 doi = {10.1145/366920.366935},
 acmid = {366935},
 publisher = {ACM},
 address = {New York, NY, USA},
} 

@misc{univac-1957,
  author = "{Univac}",
  title = "Introducing a New Language for Automatic Programming Univac Flow-Matic",
  year = "1957",
  url = "http://www.computerhistory.org/collections/catalog/102646140",
  note = "Computer History Museum, catalog no. 102646140 [Online; accessed 10-September-2018]"
}

@inproceedings{weiser-1981-slice,
 author = {Weiser, Mark},
 title = {Program Slicing},
 booktitle = {Proceedings of the 5th International Conference on Software Engineering},
 series = {ICSE '81},
 year = {1981},
 isbn = {0-89791-146-6},
 location = {San Diego, California, USA},
 pages = {439--449},
 numpages = {11},
 acmid = {802557},
 publisher = {IEEE Press},
 address = {Piscataway, NJ, USA},
} 

@inproceedings{foote-1989-reflect,
 author = {Foote, B. and Johnson, R. E.},
 title = {Reflective Facilities in Smalltalk-80},
 booktitle = {Conference Proceedings on Object-oriented Programming Systems, Languages and Applications},
 series = {OOPSLA '89},
 year = {1989},
 isbn = {0-89791-333-7},
 location = {New Orleans, Louisiana, USA},
 pages = {327--335},
 numpages = {9},
 doi = {10.1145/74877.74911},
 acmid = {74911},
 publisher = {ACM},
 address = {New York, NY, USA},
} 


@misc{pdp-1964,
  author = "Kotok, A.",
  title = "PDP-1 program library",
  year = "1964",
  url = "http://www.computerhistory.org/collections/catalog/102750686",
  note = "Computer History Museum, catalog no. 102750686 [Online; accessed 10-September-2018]"
}
 
@ARTICLE{kidwell-1998-stalking, 
author={P. A. Kidwell}, 
journal={IEEE Annals of the History of Computing}, 
title={Stalking the elusive computer bug}, 
year={1998}, 
volume={20}, 
number={4}, 
pages={5-9}, 
doi={10.1109/85.728224}, 
ISSN={1058-6180}, 
month={Oct},}

@InProceedings{hoare-1996-how,
author="Hoare, C. A. R.",
editor="Gaudel, Marie-Claude
and Woodcock, James",
title="How did software get so reliable without proof?",
booktitle="FME'96: Industrial Benefit and Advances in Formal Methods",
year="1996",
publisher="Springer Berlin Heidelberg",
address="Berlin, Heidelberg",
pages="1--17",
isbn="978-3-540-49749-3"
}

@book{wilkes-1985-memoirs,
  title={Memoirs of a Computer Pioneer},
  author={Wilkes, M.V. and Eric Weiss Collection},
  isbn={9780262231220},
  lccn={lc85006667},
  series={History of Computing Series},
  year={1985},
  publisher={MIT Press}
}

@book{slayton-2013-arguments,
  title={Arguments that Count: Physics, Computing, and Missile Defense, 1949-2012},
  author={Slayton, R.},
  isbn={9780262019446},
  lccn={2012051748},
  series={Arguments that Count},
  year={2013},
  publisher={MIT Press}
}


@book{priestley-2011-operations,
  title={A Science of Operations: Machines, Logic and the Invention of Programming},
  author={Priestley, M.},
  isbn={9781848825550},
  lccn={2011921403},
  series={History of Computing},
  year={2011},
  publisher={Springer London}
}

@techreport{northrop-2006-ultra,
  title={Ultra-large-scale systems: The software challenge of the future},
  author={Northrop, Linda and Feiler, Peter and Gabriel, Richard P and Goodenough, John and Linger, Rick and Longstaff, Tom and Kazman, Rick and Klein, Mark and Schmidt, Douglas and Sullivan, Kevin and others},
  year={2006},
  institution={Carnegie-Mellon University, Pittsburth, Software Engineering Institute}
}

@book{naur-1969-nato,
  title={Software engineering: report on a conference sponsored by the NATO Science Committee, Garmisch, Germany, 7th to 11th October 1968},
  author={Naur, P. and Randell, B. and Bauer, F.L. and NATO Science Committee},
  year={1969},
  publisher={Scientific Affairs Division, NATO}
}

@book{buxton-1970-nato,
  title={Software Engineering Techniques: Report on a Conference Sponsored by the NATO Science Committee},
  author={Buxton, J.N. and Randell, B. and NATO Science Committee},
  year={1970},
  publisher={NATO Science Committee; available from Scientific Affairs Division, NATO}
}

@phdthesis{armstrong-2003-thesis,
  title={Making reliable distributed systems in the presence of software errors},
  author={Armstrong, Joe},
  year={2003},
  school={Mikroelektronik och informationsteknik}
}

@incollection{babbage-1982-engine,
  title={On the mathematical powers of the calculating engine},
  author={Babbage, Charles},
  booktitle={The origins of digital computers},
  pages={19--54},
  year={1982},
  publisher={Springer}
}

@inproceedings{syme-2013-tp,
 author = {Syme, Donald and Battocchi, Keith and Takeda, Kenji and Malayeri, Donna and Petricek, Tomas},
 title = {Themes in Information-rich Functional Programming for Internet-scale Data Sources},
 booktitle = {Proceedings of the 2013 Workshop on Data Driven Functional Programming},
 series = {DDFP '13},
 year = {2013},
 isbn = {978-1-4503-1871-6},
 location = {Rome, Italy},
 pages = {1--4},
 numpages = {4},
 doi = {10.1145/2429376.2429378},
 acmid = {2429378},
 publisher = {ACM},
 address = {New York, NY, USA},
 } 

@article{tseitlin-2013-antifragile,
 author = {Tseitlin, Ariel},
 title = {The Antifragile Organization},
 journal = {Commun. ACM},
 issue_date = {August 2013},
 volume = {56},
 number = {8},
 month = aug,
 year = {2013},
 issn = {0001-0782},
 pages = {40--44},
 numpages = {5},
 doi = {10.1145/2492007.2492022},
 acmid = {2492022},
 publisher = {ACM},
 address = {New York, NY, USA},
} 

@inproceedings{armstrong-2007-erlang,
 author = {Armstrong, Joe},
 title = {A History of Erlang},
 booktitle = {Proceedings of the Third ACM SIGPLAN Conference on History of Programming Languages},
 series = {HOPL III},
 year = {2007},
 isbn = {978-1-59593-766-7},
 location = {San Diego, California},
 pages = {6-1--6-26},
 doi = {10.1145/1238844.1238850},
 acmid = {1238850},
 publisher = {ACM},
 address = {New York, NY, USA},
} 

@article{licklider-1969-underestimates,
  title={Underestimates and overexpectations},
  author={Licklider, J. C.},
  journal={Computers and Automation},
  volume={18},
  number={9},
  pages={48-52},
  year={1969}
}
@book{ensmenger-2012-boys,
  title={The Computer Boys Take Over: Computers, Programmers, and the Politics of Technical Expertise},
  author={Ensmenger, N.L.},
  isbn={9780262302821},
  series={History of Computing},
  year={2012},
  publisher={MIT Press}
}

@inproceedings{meijer-2005-static,
  title={Static Typing Where Possible, Dynamic Typing When Needed},
  author={Meijer, Erik and Drayton, Peter},
  booktitle={Workshop on Revival of Dynamic Languages},
  year={2005}
}

@book{feyerabend-1975-against,
  title={Against Method},
  author={Feyerabend, P},
  isbn={9780860916468},
  year={1975},
  publisher={Verso}
}

@inproceedings{petricek-2015-types,
 author = {Petricek, Tomas},
 title = {Against a Universal Definition of 'Type'},
 booktitle = {2015 ACM International Symposium on New Ideas, New Paradigms, and Reflections on Programming and Software (Onward!)},
 series = {Onward! 2015},
 year = {2015},
 isbn = {978-1-4503-3688-8},
 location = {Pittsburgh, PA, USA},
 pages = {254--266},
 numpages = {13},
 doi = {10.1145/2814228.2814249},
 acmid = {2814249},
 publisher = {ACM},
 address = {New York, NY, USA},
} 

@inproceedings{kell-2014-types,
 author = {Kell, Stephen},
 title = {In Search of Types},
 booktitle = {Proceedings of the 2014 ACM International Symposium on New Ideas, New Paradigms, and Reflections on Programming \& Software},
 series = {Onward! 2014},
 year = {2014},
 isbn = {978-1-4503-3210-1},
 location = {Portland, Oregon, USA},
 pages = {227--241},
 numpages = {15},
 doi = {10.1145/2661136.2661154},
 acmid = {2661154},
 publisher = {ACM},
 address = {New York, NY, USA},
} 

@book{pierce-2002-types,
  title={Types and Programming Languages},
  author={Pierce, B.C.},
  isbn={9780262162098},
  lccn={2001044428},
  series={Mit Press},
  year={2002},
  publisher={MIT Press}
}

@article{petricek-2017-miscomputation,
  title={Miscomputation in software: Learning to live with errors},
  author={Petricek, Tomas},
  journal={The Art, Science, and Engineering of Programming},
  volume={1},
  number={2},
  pages={14},
  year={2017},
  publisher={AOSA}
}

@InProceedings{benton-2006-relations,
author="Benton, Nick
and Kennedy, Andrew
and Hofmann, Martin
and Beringer, Lennart",
editor="Kobayashi, Naoki",
title="Reading, Writing and Relations",
booktitle="Programming Languages and Systems",
year="2006",
publisher="Springer Berlin Heidelberg",
address="Berlin, Heidelberg",
pages="114--130",
isbn="978-3-540-48938-2"
}

@inproceedings{mcbride-2008-clowns,
 author = {McBride, Conor},
 title = {Clowns to the Left of Me, Jokers to the Right (Pearl): Dissecting Data Structures},
 booktitle = {Proceedings of the 35th Annual ACM SIGPLAN-SIGACT Symposium on Principles of Programming Languages},
 series = {POPL '08},
 year = {2008},
 isbn = {978-1-59593-689-9},
 location = {San Francisco, California, USA},
 pages = {287--295},
 numpages = {9},
 doi = {10.1145/1328438.1328474},
 acmid = {1328474},
 publisher = {ACM},
 address = {New York, NY, USA},
} 

@book{pierce-2005-advanced,
  title={Advanced Topics in Types and Programming Languages},
  author={Pierce, B.C.},
  isbn={9780262162289},
  lccn={2004057123},
  series={Advanced Topics in Types and Programming Languages},
  year={2005},
  publisher={MIT Press}
}

@InProceedings{martini-2016-types,
 author="Martini, Simone",
 editor="Gadducci, Fabio and Tavosanis, Mirko",
 title="Several Types of Types in Programming Languages",
 booktitle="History and Philosophy of Computing",
 year="2016",
 publisher="Springer International Publishing",
 address="Cham",
 pages="216--227",
 isbn="978-3-319-47286-7"
}


@book{mackenzie-2004-proof,
  title={Mechanizing Proof: Computing, Risk, and Trust},
  author={MacKenzie, D.A.},
  isbn={9780262632959},
  lccn={2001018687},
  series={Inside technology},
  year={2004},
  publisher={MIT Press}
}

@book{popper-1959-logic,
  title={The logic of scientific discovery},
  author={Popper, Karl},
  year={1959},
  publisher={Routledge}
}

@book{lakatos-1980-methodology,
  title={The Methodology of Scientific Research Programmes: Volume 1: Philosophical Papers},
  author={Lakatos, I. and Worrall, J. and Currie, G.},
  isbn={9780521280310},
  series={Cambridge paperback library},
  year={1980},
  publisher={Cambridge University Press}
}

@book{lakatos-1976-proofs,
  title={Proofs and Refutations: The Logic of Mathematical Discovery},
  author={Lakatos, I. and Worrall, J. and Currie, G. and Zahar, E. and Cambridge University Press},
  isbn={9780521290388},
  lccn={75332478},
  series={Cambridge philosophy classics},
  year={1976},
  publisher={Cambridge University Press}
}

@article{dijkstra-1968-goto,
 author = {Dijkstra, Edsger W.},
 title = {Letters to the Editor: Go to Statement Considered Harmful},
 journal = {Commun. ACM},
 issue_date = {March 1968},
 volume = {11},
 number = {3},
 month = mar,
 year = {1968},
 issn = {0001-0782},
 pages = {147--148},
 numpages = {2},
 url = {http://doi.acm.org/10.1145/362929.362947},
 doi = {10.1145/362929.362947},
 acmid = {362947},
 publisher = {ACM},
 address = {New York, NY, USA},
 keywords = {alternative clause, branch instruction, conditional clause, go to statement, jump instruction, program intelligibility, program sequencing, repetitive clause},
} 

@incollection{naur-1993-place,
  title={The place of strictly defined notation in human insight},
  author={Naur, Peter},
  booktitle={Program Verification},
  pages={261--274},
  year={1993},
  publisher={Springer}
}

@techreport{smith-1985-limits,
	author = {Smith, Brian Cantwell},
  title = {Limits of Correctness in Computers},
	institution = {The Center for the Study of Language and Information, Stanford, CA},
  month = 10,
	number = {CSLI-85-36},
	type = {Technical Report},
	year = {1985}
}

@article{myers-1979-art,
  title={The Art of Software Testing. John Wiley \& Sons, Inc.},
  author={Myers, Glenford J and Badgett, T and Sandler, C},
  journal={New York},
  pages={22041--3467},
  year={1979}
}

@incollection{steele-1996-lisp,
 author = {Steele, Guy L. and Gabriel, Richard P.},
 chapter = {The Evolution of Lisp},
 title = {History of Programming languages---II},
 editor = {Bergin,Jr., Thomas J. and Gibson,Jr., Richard G.},
 year = {1996},
 isbn = {0-201-89502-1},
 pages = {233--330},
 numpages = {98},
 doi = {10.1145/234286.1057818},
 acmid = {1057818},
 publisher = {ACM},
 address = {New York, NY, USA},
} 

@inproceedings{yau-1975-checking,
 author = {Yau, S. S. and Cheung, R. C.},
 title = {Design of Self-checking Software},
 booktitle = {Proceedings of the International Conference on Reliable Software},
 year = {1975},
 location = {Los Angeles, California},
 pages = {450--455},
 numpages = {6},
 doi = {10.1145/800027.808468},
 acmid = {808468},
 publisher = {ACM},
 address = {New York, NY, USA},
} 

@ARTICLE{randell-1975-fault, 
 author={Randell, B}, 
 journal={IEEE Transactions on Software Engineering}, 
 title={System structure for software fault tolerance}, 
 year={1975}, 
 volume={SE-1}, 
 number={2}, 
 pages={220-232}, 
 doi={10.1109/TSE.1975.6312842}, 
 ISSN={0098-5589}, 
 month={June}
}

@inproceedings{liskov-1993-clu,
 author = {Liskov, Barbara},
 title = {A History of CLU},
 booktitle = {The Second ACM SIGPLAN Conference on History of Programming Languages},
 series = {HOPL-II},
 year = {1993},
 isbn = {0-89791-570-4},
 location = {Cambridge, Massachusetts, USA},
 pages = {133--147},
 numpages = {15},
 url = {http://doi.acm.org/10.1145/154766.155367},
 doi = {10.1145/154766.155367},
 acmid = {155367},
 publisher = {ACM},
 address = {New York, NY, USA},
} 

@article{goodenough-1975-exceptions,
 author = {Goodenough, John B.},
 title = {Exception Handling: Issues and a Proposed Notation},
 journal = {Commun. ACM},
 issue_date = {Dec. 1975},
 volume = {18},
 number = {12},
 month = dec,
 year = {1975},
 issn = {0001-0782},
 pages = {683--696},
 numpages = {14},
 doi = {10.1145/361227.361230},
 acmid = {361230},
 publisher = {ACM},
 address = {New York, NY, USA},
} 

@article{ryder-2005-impact,
 author = {Ryder, Barbara G. and Soffa, Mary Lou and Burnett, Margaret},
 title = {The Impact of Software Engineering Research on Modern Progamming Languages},
 journal = {ACM Trans. Softw. Eng. Methodol.},
 issue_date = {October 2005},
 volume = {14},
 number = {4},
 month = oct,
 year = {2005},
 issn = {1049-331X},
 pages = {431--477},
 numpages = {47},
 doi = {10.1145/1101815.1101818},
 acmid = {1101818},
 publisher = {ACM},
 address = {New York, NY, USA},
} 

@INPROCEEDINGS{solis-2011-bdd, 
author={C. Solis and X. Wang}, 
booktitle={2011 37th EUROMICRO Conference on Software Engineering and Advanced Applications}, 
title={A Study of the Characteristics of Behaviour Driven Development}, 
year={2011}, 
volume={}, 
number={}, 
pages={383-387}, 
doi={10.1109/SEAA.2011.76}, 
ISSN={1089-6503}, 
month={Aug},}

@ARTICLE{musa-1975-reliability,
author = {J. D. Musa},
journal = {IEEE Transactions on Software Engineering},
title = {A theory of software reliability and its application},
year = {1975},
volume = {1},
number = {},
pages = {312-327},
doi = {10.1109/TSE.1975.6312856},
ISSN = {0098-5589},
month={09}
}

@inproceedings{goodenough-1975-selection,
 author = {Goodenough, John B. and Gerhart, Susan L.},
 title = {Toward a Theory of Test Data Selection},
 booktitle = {Proceedings of the International Conference on Reliable Software},
 year = {1975},
 location = {Los Angeles, California},
 pages = {493--510},
 numpages = {18},
 url = {http://doi.acm.org/10.1145/800027.808473},
 doi = {10.1145/800027.808473},
 acmid = {808473},
 publisher = {ACM},
 address = {New York, NY, USA},
 keywords = {Proofs of correctness, Testing},
} 

@ARTICLE{howden-1982-life,
author = {W. Howden},
journal = {Computer},
title = {Life-Cycle Software Validation},
year = {1982},
volume = {15},
number = {},
pages = {71-78},
keywords={null},
doi = {10.1109/MC.1982.1653943},
ISSN = {0018-9162},
month={02}
}

@article{gelperin-1988-testing,
 author = {Gelperin, D. and Hetzel, B.},
 title = {The Growth of Software Testing},
 journal = {Commun. ACM},
 issue_date = {June 1988},
 volume = {31},
 number = {6},
 month = jun,
 year = {1988},
 issn = {0001-0782},
 pages = {687--695},
 numpages = {9},
 doi = {10.1145/62959.62965},
 acmid = {62965},
 publisher = {ACM},
 address = {New York, NY, USA},
} 

@article{dijkstra-1972-humble,
 author = {Dijkstra, Edsger W.},
 title = {The Humble Programmer},
 journal = {Commun. ACM},
 issue_date = {Oct. 1972},
 volume = {15},
 number = {10},
 month = oct,
 year = {1972},
 issn = {0001-0782},
 pages = {859--866},
 numpages = {8},
 doi = {10.1145/355604.361591},
 acmid = {361591},
 publisher = {ACM},
 address = {New York, NY, USA},
} 

@book{wootton-2015-invention,
  title={The Invention of Science: A New History of the Scientific Revolution},
  author={Wootton, D.},
  isbn={9780141916774},
  year={2015},
  publisher={Penguin Books Limited}
}

@book{polanyi-1958-personal,
  title={Personal knowledge},
  author={Polanyi, Michael},
  isbn={0-226-67288-3},
  publisher={University of Chicago Press},
  year={1958}
}

@article{evans-1965-debug,
 author = {Evans, Thomas G. and Darley, D. Lucille},
 title = {DEBUG--an Extension to Current Online Debugging Techniques},
 journal = {Commun. ACM},
 issue_date = {May 1965},
 volume = {8},
 number = {5},
 month = may,
 year = {1965},
 issn = {0001-0782},
 pages = {321--326},
 numpages = {6},
 doi = {10.1145/364914.364952},
 acmid = {364952},
 publisher = {ACM},
 address = {New York, NY, USA},
} 

@inproceedings{evans-1966-online,
  title={On-line debugging techniques: a survey},
  author={Evans, Thomas G and Darley, D Lucille},
  booktitle={Proceedings of the November 7-10, 1966, fall joint computer conference},
  pages={37--50},
  year={1966},
  organization={ACM}
}

@ARTICLE{campbell-kelly-1992-airy,
 author = {M. Campbell-Kelly},
 journal = {IEEE Annals of the History of Computing},
 title = {The Airy Tape: An Early Chapter in the History of Debugging},
 year = {1992},
 volume = {14},
 pages = {16-26},
 doi = {10.1109/85.194051},
 ISSN = {1058-6180},
 month={10}
}

@techreport{standards-1984-lifecycle,
  author={{National Bureau of Standards.}} ,
  title="Guideline for Lifecycle Validation, Verification, And Testing of Computer Software.",
  institution = "U.S. Dept. of Commerce, National Bureau of Standards",
  year=1984
}

@techreport{lauer-1968-algol,
	author = {Lauer, Peter E.},
  title = {Formal definition of ALGOL 60},
	institution = {IBM Laboratory Vienna},
	number = {25.088},
	type = {Technical Report},
	url = {http://homepages.cs.ncl.ac.uk/cliff.jones/publications/OCRd/Lau68.pdf},
	year = {1968}
}

@techreport{allen-1972-algol,
	author = {Allen, C. D. and Chapman, D. N., and Jones, Cliff B. },
  title = {A formal definition of ALGOL 60},
	institution = {IBM Laboratory Hursley},
	number = {12.105},
	type = {Technical Report},
	url = {http://homepages.cs.ncl.ac.uk/cliff.jones/ftp-stuff/TR12.105.pdf},
	year = {1972}
}

@article{fetzer-1988-idea,
 author = {Fetzer, James H.},
 title = {Program Verification: The Very Idea},
 journal = {Commun. ACM},
 issue_date = {Sept. 1988},
 volume = {31},
 number = {9},
 month = sep,
 year = {1988},
 issn = {0001-0782},
 pages = {1048--1063},
 numpages = {16},
 doi = {10.1145/48529.48530},
 acmid = {48530},
 publisher = {ACM},
 address = {New York, NY, USA},
} 

@Article{cohn-1989-hardware,
 author="Cohn, Avra",
 title="The notion of proof in hardware verification",
 journal="Journal of Automated Reasoning",
 year="1989",
 month="Jun",
 day="01",
 volume="5",
 number="2",
 pages="127--139",
 issn="1573-0670",
 doi="10.1007/BF00243000",
}

@article{russell-1908-types,
 ISSN = {00029327, 10806377},
 author = {Bertrand Russell},
 journal = {American Journal of Mathematics},
 number = {3},
 pages = {222--262},
 publisher = {Johns Hopkins University Press},
 title = {Mathematical Logic as Based on the Theory of Types},
 volume = {30},
 year = {1908}
}

@inproceedings{hoare-1985-math,
 author = {Hoare, C. A. R.},
 title = {The Mathematics of Programming},
 booktitle = {Proceedings of the Fifth Conference on Foundations of Software Technology and Theoretical Computer Science},
 year = {1985},
 isbn = {3-540-16042-6},
 pages = {1--18},
 numpages = {18},
 acmid = {706892},
 publisher = {Springer-Verlag},
 address = {Berlin, Heidelberg},
} 

@incollection{hoare-1972-data,
 author = {Hoare, C. A. R.},
 chapter = {Chapter II: Notes on Data Structuring},
 title = {Structured Programming},
 editor = {Dahl, O. J. and Dijkstra, E. W. and Hoare, C. A. R.},
 year = {1972},
 isbn = {0-12-200550-3},
 pages = {83--174},
 numpages = {92},
 acmid = {1243382},
 publisher = {Academic Press Ltd.},
 address = {London, UK, UK},
} 

@inproceedings{morris-1973-notsets,
 author = {Morris,Jr., James H.},
 title = {Types Are Not Sets},
 booktitle = {Proceedings of the 1st Annual ACM SIGACT-SIGPLAN Symposium on Principles of Programming Languages},
 series = {POPL '73},
 year = {1973},
 location = {Boston, Massachusetts},
 pages = {120--124},
 numpages = {5},
 doi = {10.1145/512927.512938},
 acmid = {512938},
 publisher = {ACM},
 address = {New York, NY, USA},
} 

@article{cardelli-1985-types,
 author = {Cardelli, Luca and Wegner, Peter},
 title = {On Understanding Types, Data Abstraction, and Polymorphism},
 journal = {ACM Comput. Surv.},
 issue_date = {Dec. 1985},
 volume = {17},
 number = {4},
 month = dec,
 year = {1985},
 issn = {0360-0300},
 pages = {471--523},
 numpages = {53},
 doi = {10.1145/6041.6042},
 acmid = {6042},
 publisher = {ACM},
 address = {New York, NY, USA},
} 

@article{livingston-1999-cultures,
 author = {Eric Livingston},
 title ={Cultures of Proving},
 journal = {Social Studies of Science},
 volume = {29},
 number = {6},
 pages = {867-888},
 year = {1999},
 doi = {10.1177/030631299029006003}
}

@ARTICLE{deremer-1976-versus, 
 author={F. DeRemer and H. H. Kron}, 
 journal={IEEE Transactions on Software Engineering}, 
 title={Programming-in-the-Large Versus Programming-in-the-Small}, 
 year={1976}, 
 volume={SE-2}, 
 number={2}, 
 pages={80-86}, 
 doi={10.1109/TSE.1976.233534}, 
 ISSN={0098-5589}, 
 month={June}
}

@inproceedings{gabriel-2012-revolution,
 author = {Gabriel, Richard P.},
 title = {The Structure of a Programming Language Revolution},
 booktitle = {Proceedings of the ACM International Symposium on New Ideas, New Paradigms, and Reflections on Programming and Software},
 series = {Onward! 2012},
 year = {2012},
 isbn = {978-1-4503-1562-3},
 location = {Tucson, Arizona, USA},
 pages = {195--214},
 numpages = {20},
 doi = {10.1145/2384592.2384611},
 acmid = {2384611},
 publisher = {ACM},
 address = {New York, NY, USA},
} 

@inproceedings{liskov-1974-adt,
 author = {Liskov, Barbara and Zilles, Stephen},
 title = {Programming with Abstract Data Types},
 booktitle = {Proceedings of the ACM SIGPLAN Symposium on Very High Level Languages},
 year = {1974},
 location = {Santa Monica, California, USA},
 pages = {50--59},
 numpages = {10},
 doi = {10.1145/800233.807045},
 acmid = {807045},
 publisher = {ACM},
 address = {New York, NY, USA},
}

@article{landin-1964-eval,
author = {Landin, P. J.},
title = {The Mechanical Evaluation of Expressions},
journal = {The Computer Journal},
volume = {6},
number = {4},
pages = {308-320},
year = {1964},
doi = {10.1093/comjnl/6.4.308},
}
@article{landin-1965-part1,
 author = {Landin, P. J.},
 title = {Correspondence Between ALGOL 60 and Church's Lambda-notation: Part I},
 journal = {Commun. ACM},
 issue_date = {Feb. 1965},
 volume = {8},
 number = {2},
 month = feb,
 year = {1965},
 issn = {0001-0782},
 pages = {89--101},
 numpages = {13},
 doi = {10.1145/363744.363749},
 acmid = {363749},
 publisher = {ACM},
 address = {New York, NY, USA},
} 

@article{landin-1965-part2,
 author = {Landin, P. J.},
 title = {A Correspondence Between ALGOL 60 and Church's Lambda-notations: Part II},
 journal = {Commun. ACM},
 issue_date = {March 1965},
 volume = {8},
 number = {3},
 month = mar,
 year = {1965},
 issn = {0001-0782},
 pages = {158--167},
 numpages = {10},
 url = {http://doi.acm.org/10.1145/363791.363804},
 doi = {10.1145/363791.363804},
 acmid = {363804},
 publisher = {ACM},
 address = {New York, NY, USA},
} 

@article{landin-1966-700,
 author = {Landin, P. J.},
 title = {The Next 700 Programming Languages},
 journal = {Commun. ACM},
 issue_date = {March 1966},
 volume = {9},
 number = {3},
 month = mar,
 year = {1966},
 issn = {0001-0782},
 pages = {157--166},
 numpages = {10},
 doi = {10.1145/365230.365257},
 acmid = {365257},
 publisher = {ACM},
 address = {New York, NY, USA},
} 

@inproceedings{gordon-2000-lcf,
  title={From LCF to HOL: a short history.},
  author={Gordon, Mike},
  booktitle={Proof, language, and interaction},
  pages={169--186},
  year={2000}
}

@inproceedings{landin-1966-formal,
  title={A formal description of ALGOL 60},
  author={Landin, Peter J},
  year={1966},
  booktitle={Formal Language Description Languages for Computer Programming},
  publisher={North Holland Publishing Company, Amsterdam},
  pages="266-294",
}

@InProceedings{astrate-2017-semantics,
 author="Astrate, Troy",
 title="Towards an Interconnected History of Semantics",
 booktitle="Fourth International Conference on the History and Philosophy of Computing",
 year="2017",
 address="Brno, Czech Republic"
}

@InProceedings{reynolds-1974-structure,
 author="Reynolds, John C.",
 editor="Robinet, B.",
 title="Towards a theory of type structure",
 booktitle="Programming Symposium",
 year="1974",
 publisher="Springer Berlin Heidelberg",
 address="Berlin, Heidelberg",
 pages="408--425",
 isbn="978-3-540-37819-8"
}
 
@ARTICLE{brooks-1987-silver, 
 author={Brooks, Fred}, 
 journal={Computer}, 
 title={No Silver Bullet Essence and Accidents of Software Engineering}, 
 year={1987}, 
 volume={20}, 
 number={4}, 
 pages={10-19}, 
 doi={10.1109/MC.1987.1663532}, 
 ISSN={0018-9162}, 
 month={April}
}

@article{parnas-1985-aspects,
 author = {Parnas, David Lorge},
 title = {Software Aspects of Strategic Defense Systems},
 journal = {Commun. ACM},
 issue_date = {Dec. 1985},
 volume = {28},
 number = {12},
 month = dec,
 year = {1985},
 issn = {0001-0782},
 pages = {1326--1335},
 numpages = {10},
 doi = {10.1145/214956.214961},
 acmid = {214961},
 publisher = {ACM},
 address = {New York, NY, USA},
} 
@article{parnas-1972-criteria,
 author = {Parnas, D. L.},
 title = {On the Criteria to Be Used in Decomposing Systems into Modules},
 journal = {Commun. ACM},
 issue_date = {Dec. 1972},
 volume = {15},
 number = {12},
 month = dec,
 year = {1972},
 issn = {0001-0782},
 pages = {1053--1058},
 numpages = {6},
 doi = {10.1145/361598.361623},
 acmid = {361623},
 publisher = {ACM},
 address = {New York, NY, USA},
} 

@Article{wirth-1971-pascal,
 author="Wirth, N.",
 title="The programming language pascal",
 journal="Acta Informatica",
 year="1971",
 month="Mar",
 day="01",
 volume="1",
 number="1",
 pages="35--63",
 issn="1432-0525",
 doi="10.1007/BF00264291",
 url="https://doi.org/10.1007/BF00264291"
}

@inproceedings{gabriel-2006-beyond,
 author = {Gabriel, Richard P.},
 title = {Design Beyond Human Abilities},
 booktitle = {Proceedings of the 5th International Conference on Aspect-oriented Software Development},
 series = {AOSD '06},
 year = {2006},
 isbn = {1-59593-300-X},
 location = {Bonn, Germany},
 pages = {2--2},
 numpages = {1},
 doi = {10.1145/1119655.1119658},
 acmid = {1119658},
 publisher = {ACM},
 address = {New York, NY, USA},
} 

@book{waldrop-2001-dream,
 author = {Waldrop, M. Mitchell},
 title = {The  Dream Machine: J.C.R. Licklider and the Revolution That Made Computing Personal},
 year = {2001},
 isbn = {0670899763},
 publisher = {Viking Penguin},
} 

@ARTICLE{halpern-1965-epoch, 
author={Mark Halpern}, 
journal={Computers and Automation}, 
title={Computer programming: The debugging epoch opens}, 
year={1965}, 
volume={14}, 
number={11}, 
pages={28-31}, 
month={November},}

@ARTICLE{licklider-1960-symbiosis, 
author={J. C. R. Licklider}, 
journal={IRE Transactions on Human Factors in Electronics}, 
title={Man-Computer Symbiosis}, 
year={1960}, 
volume={HFE-1}, 
number={1}, 
pages={4-11}, 
doi={10.1109/THFE2.1960.4503259}, 
ISSN={0099-4561}, 
month={March},}

@article{demillo-1979-processes,
 author = {De Millo, Richard A. and Lipton, Richard J. and Perlis, Alan J.},
 title = {Social Processes and Proofs of Theorems and Programs},
 journal = {Commun. ACM},
 issue_date = {May 1979},
 volume = {22},
 number = {5},
 month = may,
 year = {1979},
 issn = {0001-0782},
 pages = {271--280},
 numpages = {10},
 doi = {10.1145/359104.359106},
 acmid = {359106},
 publisher = {ACM},
 address = {New York, NY, USA},
} 


@article{blum-1989-prototyping,
 author = {Blum, Bruce I.},
 title = {Formalism and Prototyping in the Software Process},
 journal = {Information and Decision Technologies},
 year = {1989},
 number = {15},
 pages = {327--341},
 publisher = {Elsevier Science Publishers}
} 

@inproceedings{schuman-1970-extensible,
 author = {Schuman, Stephen A. and Jorrand, Philippe},
 title = {Definition Mechanisms in Extensible Programming Languages},
 booktitle = {Proceedings of the November 17-19, 1970, Fall Joint Computer Conference},
 series = {AFIPS '70 (Fall)},
 year = {1970},
 location = {Houston, Texas},
 pages = {9--20},
 numpages = {12},
 doi = {10.1145/1478462.1478465},
 acmid = {1478465},
 publisher = {ACM},
 address = {New York, NY, USA},
} 

@incollection{mccarthy-1959-basis,
 title = "A Basis for a Mathematical Theory of Computation",
 editor = "P. Braffort and D. Hirschberg",
 series = "Studies in Logic and the Foundations of Mathematics",
 publisher = "Elsevier",
 volume = "26",
 pages = "33 - 70",
 year = "1959",
 booktitle = "Computer Programming and Formal Systems",
 issn = "0049-237X",
 doi = "10.1016/S0049-237X(09)70099-0",
 author = "John McCarthy"
}

@Book{knuth-1968-art,
 Author = "D.E. Knuth",
 Title = "{The Art of Computer Programming}",
 Publisher = "Addison-Wesley Longman Publishing Co., Inc. ",
 Volume = "1-4",
 Address = "Boston, MA, USA",
 year = 1968
}

@article{nofre-2014-lang,
  title={When technology became language: The origins of the linguistic conception of computer programming, 1950--1960},
  author={Nofre, David and Priestley, Mark and Alberts, Gerard},
  journal={Technology and Culture},
  volume={55},
  number={1},
  pages={40--75},
  year={2014},
  publisher={Johns Hopkins University Press}
}

@book{gorman-2010-trading,
  title={Trading Zones and Interactional Expertise: Creating New Kinds of Collaboration},
  author={Gorman, M.E.},
  isbn={9780262014724},
  lccn={2010008710},
  series={Inside technology},
  year={2010},
  publisher={MIT Press}
}

@article{star-1989-boundary,
 author = {Susan Leigh Star and James R. Griesemer},
 title ={Institutional Ecology, `Translations' and Boundary Objects: Amateurs and Professionals in Berkeley's Museum of Vertebrate Zoology, 1907-39},
 journal = {Social Studies of Science},
 volume = {19},
 number = {3},
 pages = {387-420},
 year = {1989},
 doi = {10.1177/030631289019003001},
}

@unpublished{nofre-2018-algol,
title= {IBM and the Algol project: Exploring the challenges and dilemmas of early computer science research},
author = {David Nofre},
year = {2018},
note= {Fourth Symposium on the History and Philosophy of Programming},
URL= {https://www.shift-society.org/hapop4/abstracts/nofre.pdf},
}

@book{kuhn-1962-revolutions,
  title={The Structure of Scientific Revolutions: 50th Anniversary Edition},
  author={Kuhn, T.S. and Hacking, I.},
  isbn={9780226458144},
  lccn={2011042476},
  year={1962},
  publisher={University of Chicago Press}
}

@incollection{floyd-1987-change,
 author = {Floyd, Christiane}, 
 title = {Outline of a Paradigm Change in Software Engineering},
 booktitle = {Computers and Democracy: A Scandanavian Challenge},
 publisher = {Brookfield, Gower Publishing Company},
 year = 1987,
 editor = {Bjerknes, G.},
 pages = {191-210},
 address = {Old Post Road, Brookfield, USA},
}
@article{church-1940-types, 
 title={A formulation of the simple theory of types}, 
 volume={5}, 
 DOI={10.2307/2266170}, 
 number={2}, 
 journal={Journal of Symbolic Logic}, 
 publisher={Cambridge University Press}, 
 author={Church, Alonzo}, 
 year={1940}, 
 pages={56–68}
}

@Inbook{henhapl-1978-algol,
 author="Henhapl, Wolfgang and Jones, Cliff B.",
 editor="Bj{\o}rner, Dines and Jones, Cliff B.",
 title="A formal definition of ALGOL 60 as described in the 1975 modified report",
 bookTitle="The Vienna Development Method: The Meta-Language",
 year="1978",
 publisher="Springer Berlin Heidelberg",
 address="Berlin, Heidelberg",
 pages="305--336",
 isbn="978-3-540-35836-7",
 doi="10.1007/3-540-08766-4_12",
}


@techreport{mosses-1974-algol,
	author = {Mosses, P. D.},
  title = {The Mathematical Semantics of ALGOL 60},
	institution = {Oxford University Computing Laboratory, Programming Research Group},
	number = {Technical Monograph PRG-12},
	type = {Technical Report},
	url = {http://homepages.cs.ncl.ac.uk/cliff.jones/publications/OCRd/Mosses74.pdf},
	year = {1974}
}

@article{leroy-2009-compcert,
 author = {Leroy, Xavier},
 title = {Formal Verification of a Realistic Compiler},
 journal = {Commun. ACM},
 issue_date = {July 2009},
 volume = {52},
 number = {7},
 month = jul,
 year = {2009},
 issn = {0001-0782},
 pages = {107--115},
 numpages = {9},
 doi = {10.1145/1538788.1538814},
 acmid = {1538814},
 publisher = {ACM},
 address = {New York, NY, USA},
} 

@Article{moore-1989-verified,
 author="Moore, J. Strother",
 title="A mechanically verified language implementation",
 journal="Journal of Automated Reasoning",
 year="1989",
 month="Dec",
 day="01",
 volume="5",
 number="4",
 pages="461--492",
 issn="1573-0670",
 doi="10.1007/BF00243133",
}


@article{hoare-1969-axiomatic,
 author = {Hoare, C. A. R.},
 title = {An Axiomatic Basis for Computer Programming},
 journal = {Commun. ACM},
 issue_date = {Oct. 1969},
 volume = {12},
 number = {10},
 month = oct,
 year = {1969},
 issn = {0001-0782},
 pages = {576--580},
 numpages = {5},
 url = {http://doi.acm.org/10.1145/363235.363259},
 doi = {10.1145/363235.363259},
 acmid = {363259},
 publisher = {ACM},
 address = {New York, NY, USA},
 keywords = {axiomatic method, formal language definition, machine-independent programming, program documentation, programming language design, theory of programming' proofs of programs},
} 

@article{igarashi-2001-java,
 author = {Igarashi, Atsushi and Pierce, Benjamin C. and Wadler, Philip},
 title = {Featherweight Java: A Minimal Core Calculus for Java and GJ},
 journal = {ACM Trans. Program. Lang. Syst.},
 issue_date = {May 2001},
 volume = {23},
 number = {3},
 month = may,
 year = {2001},
 issn = {0164-0925},
 pages = {396--450},
 numpages = {55},
 doi = {10.1145/503502.503505},
 acmid = {503505},
 publisher = {ACM},
 address = {New York, NY, USA},
} 

@book{milner-1999-pi,
  title={Communicating and Mobile Systems: The Pi Calculus},
  author={Milner, R.},
  isbn={9780521658690},
  lccn={98039479},
  year={1999},
  publisher={Cambridge University Press}
}

@book{backus-1956-ibm704,
 author = {Backus, J. W. and Beeber, R. J. and Best, S. and Goldberg, R. and Herrick, H. L. and Hughes, R. A. and Mitchell, L. B. and Nelson, R. A. and Nutt, R. and Sayre, D. and Sheridan, P. B. and Stern, H. and Ziller, L.},
 title = {Fortran: Automatic Coding System for the IBM 704 EDPM},
 year = {1956},
} 

@InCollection{sep-2017-cs,
 author = {Turner, Raymond and Angius, Nicola},
 title = {The Philosophy of Computer Science},
 booktitle = {The Stanford Encyclopedia of Philosophy},
 editor = {Edward N. Zalta},
 howpublished = {\url{https://plato.stanford.edu/archives/spr2017/entries/computer-science/}},
 year = {2017},
 edition = {Spring 2017},
 publisher = {Metaphysics Research Lab, Stanford University}
}

@book{mackenzie-2001-proof,
 author = {MacKenzie, Donald},
 title = {Mechanizing Proof: Computing, Risk, and Trust},
 year = {2001},
 isbn = {0-262-13393-8},
 publisher = {MIT Press},
 address = {Cambridge, MA, USA},
} 

@article{wang-1960-mechanical,
 author = {Wang, Hao},
 title = {Toward Mechanical Mathematics},
 journal = {IBM J. Res. Dev.},
 issue_date = {January 1960},
 volume = {4},
 number = {1},
 month = jan,
 year = {1960},
 issn = {0018-8646},
 pages = {2--22},
 numpages = {21},
 url = {http://dx.doi.org/10.1147/rd.41.0002},
 doi = {10.1147/rd.41.0002},
 acmid = {1661259},
 publisher = {IBM Corp.},
 address = {Riverton, NJ, USA},
} 

@article{milner-1978-ml,
 title = "A theory of type polymorphism in programming",
 journal = "Journal of Computer and System Sciences",
 volume = "17",
 number = "3",
 pages = "348 - 375",
 year = "1978",
 issn = "0022-0000",
 doi = "10.1016/0022-0000(78)90014-4",
 author = "Robin Milner"
}